% This file was created with JabRef 2.8.1.
% Encoding: Cp1252

@BOOK{walls:2011,
  title = {Spring in action},
  publisher = {Manning},
  year = 2011,
  author = {Walls, Craig},
  address = {Shelter Island},
}
    
@ONLINE{quora:api,
  author = {Jahangir, Mohammed},
  title = {What is meant by streaming API?},
  year = 2013,
  url = {https://www.quora.com/What-is-meant-by-streaming-API},
  urldate = {2016-09-29}
}

@ONLINE{tuto:beans,
  author = {Tutorialspoint (Hrsg.). },
  title = {Spring - Bean Definition},
  year = 2015,
  url = {https://www.tutorialspoint.com/spring/pdf/spring_bean_definition.htm},
  urldate = {2016-09-29}
}

@ONLINE{tuto:ioc,
  author = {Tutorialspoint (Hrsg.). },
  title = {Spring - IoC Containers},
  year = 2015,
  url = {https://www.tutorialspoint.com/spring/spring_ioc_containers.htm},
  urldate = {2016-09-29}
}

@ONLINE{javabook:sec,
  author = {Java CodeBook (Hrsg.). },
  title = {Web Application Security with Spring},
  year = 2013,
  url = {http://www.javacodebook.com/2013/08/08/spring-book-chapter-15-web-application-security-with-spring/8/},
  urldate = {2016-09-29}
}
